<record><leader>00000cas a22000007a 4500</leader><controlfield tag="001">13089627</controlfield><controlfield tag="008">860131d18911904iduwr ne      0    0eng d</controlfield><datafield ind1=" " ind2=" " tag="010"><subfield code="a">sn 86091083 </subfield></datafield><datafield ind1=" " ind2=" " tag="040"><subfield code="a">UNP</subfield><subfield code="b">eng</subfield><subfield code="c">UNP</subfield><subfield code="d">NVB</subfield><subfield code="d">NSD</subfield><subfield code="d">OCLCQ</subfield></datafield><datafield ind1=" " ind2=" " tag="042"><subfield code="a">msc</subfield></datafield><datafield ind1=" " ind2="4" tag="050"><subfield code="a">AN2.I2</subfield><subfield code="b">K66</subfield></datafield><datafield ind1="0" ind2="4" tag="245"><subfield code="a">The Kootenai herald.</subfield></datafield><datafield ind1=" " ind2=" " tag="260"><subfield code="a">Kootenai, Idaho :</subfield><subfield code="b">S.D. Taylor,</subfield><subfield code="c">-1904.</subfield></datafield><datafield ind1=" " ind2=" " tag="300"><subfield code="a">v. :</subfield><subfield code="b">ill.</subfield></datafield><datafield ind1=" " ind2=" " tag="310"><subfield code="a">Weekly</subfield></datafield><datafield ind1="1" ind2=" " tag="362"><subfield code="a">Began with July 4, 1891 issue.</subfield></datafield><datafield ind1="0" ind2=" " tag="362"><subfield code="a">-v. 14, no. 27 [i.e. 29] (Dec. 24, 1904).</subfield></datafield><datafield ind1=" " ind2=" " tag="500"><subfield code="a">Published in Bonners Ferry, &lt;Feb. 26, 1892&gt;-Dec. 24, 1904.</subfield></datafield><datafield ind1=" " ind2=" " tag="515"><subfield code="a">Some issues incorrectly numbered.</subfield></datafield><datafield ind1=" " ind2=" " tag="588"><subfield code="a">Description based on: Vol. 1, no. 2 (July 11, 1891).</subfield></datafield><datafield ind1=" " ind2=" " tag="752"><subfield code="a">United States</subfield><subfield code="b">Idaho</subfield><subfield code="c">Boundary</subfield><subfield code="d">Bonners Ferry.</subfield></datafield><datafield ind1=" " ind2=" " tag="752"><subfield code="a">United States</subfield><subfield code="b">Idaho</subfield><subfield code="c">Kootenai</subfield><subfield code="d">Bonners Ferry.</subfield></datafield><datafield ind1=" " ind2=" " tag="752"><subfield code="a">United States</subfield><subfield code="b">Idaho</subfield><subfield code="c">Kootenai</subfield><subfield code="d">Kootenai.</subfield></datafield><datafield ind1="0" ind2="0" tag="785"><subfield code="t">Bonners Ferry herald</subfield><subfield code="x">1064-9298</subfield><subfield code="w">(DLC)sn 86091084</subfield><subfield code="w">(OCoLC)13089671</subfield></datafield><datafield ind1="1" ind2=" " tag="029"><subfield code="a">AU@</subfield><subfield code="b">000023451119</subfield></datafield></record>